

@Book{Voter:1994aa,
	author = "Voter, A. F.",
	chapter = "The Embedded-Atom Method",
	title = "Intermetallic Compounds: Principles and Practice",
	year = "1994"
}
